<record><leader>00000cas a2200000 a 4500</leader><controlfield tag="001">36829630</controlfield><controlfield tag="008">970430d19791982cauwr ne      0    0eng c</controlfield><datafield ind1=" " ind2=" " tag="010"><subfield code="a">sn 97060361 </subfield></datafield><datafield ind1=" " ind2=" " tag="040"><subfield code="a">CNK</subfield><subfield code="b">eng</subfield><subfield code="c">CNK</subfield><subfield code="d">OCLCQ</subfield><subfield code="d">CNK</subfield><subfield code="d">OCLCQ</subfield><subfield code="d">OCLCF</subfield></datafield><datafield ind1="1" ind2=" " tag="029"><subfield code="a">AU@</subfield><subfield code="b">000013250940</subfield></datafield><datafield ind1=" " ind2=" " tag="042"><subfield code="a">pcc</subfield></datafield><datafield ind1=" " ind2=" " tag="043"><subfield code="a">n-us-ca</subfield></datafield><datafield ind1="0" ind2=" " tag="130"><subfield code="a">Mountain courier (Crestline, Calif.)</subfield></datafield><datafield ind1="1" ind2="0" tag="245"><subfield code="a">Mountain courier.</subfield></datafield><datafield ind1="3" ind2=" " tag="246"><subfield code="a">Courier</subfield></datafield><datafield ind1=" " ind2=" " tag="260"><subfield code="a">Crestline, CA :</subfield><subfield code="b">B. Wilson</subfield></datafield><datafield ind1=" " ind2=" " tag="300"><subfield code="a">v.</subfield></datafield><datafield ind1=" " ind2=" " tag="310"><subfield code="a">Weekly</subfield></datafield><datafield ind1="1" ind2=" " tag="362"><subfield code="a">Began in May 1979.</subfield></datafield><datafield ind1="0" ind2=" " tag="362"><subfield code="a">-v. 57, no. 47 (Dec. 31, 1982).</subfield></datafield><datafield ind1=" " ind2=" " tag="530"><subfield code="a">Master negatives are available for duplication from:</subfield><subfield code="b">California Newspaper Microfilm Archive;</subfield><subfield code="c">positive copies may be purchased by the reel; for further information consult the CNMA at:</subfield><subfield code="u">http://cbsr.ucr.edu</subfield></datafield><datafield ind1=" " ind2=" " tag="588"><subfield code="a">Description based on: Vol. 54, no. 16 (May 25, 1979).</subfield></datafield><datafield ind1=" " ind2="0" tag="651"><subfield code="a">San Bernardino Mountains Region (Calif.)</subfield><subfield code="v">Newspapers.</subfield></datafield><datafield ind1=" " ind2="7" tag="655"><subfield code="a">Newspapers.</subfield><subfield code="2">fast</subfield><subfield code="0">(OCoLC)fst01423814</subfield></datafield><datafield ind1=" " ind2="7" tag="651"><subfield code="a">California</subfield><subfield code="z">San Bernardino Mountains Region.</subfield><subfield code="2">fast</subfield><subfield code="0">(OCoLC)fst01342933</subfield></datafield><datafield ind1=" " ind2=" " tag="752"><subfield code="a">United States</subfield><subfield code="b">California</subfield><subfield code="c">San Bernardino</subfield><subfield code="d">Crestline.</subfield></datafield><datafield ind1="0" ind2="0" tag="780"><subfield code="t">Crestline courier</subfield><subfield code="w">(DLC)sn 97060360</subfield></datafield><datafield ind1="0" ind2="7" tag="785"><subfield code="t">Rim o' the world news</subfield><subfield code="w">(DLC)sn 95061514</subfield></datafield><datafield ind1="0" ind2="7" tag="785"><subfield code="t">Mountain courier-news</subfield><subfield code="w">(DLC)sn 83000519</subfield></datafield></record>